517035 10
27239 24
119452334 0
19998210 11
60007099 29
119987839 23
40010069 8
20310 27
39972280 30
10120 23
59993969 10
77990261 12
13920 21
81994007 18
38992441 29
9004340 30
11996317 8
20010889 1
19990600 15
90001559 21
8720 24
19986690 11
11429 21
19989171 15
1029 3
19997880 16
16220 13
10220 12
6940 28
89960389 31
930 3
18690 31
8560 19
39996630 7
29976390 24
19999670 8
980 3
20004390 2
20015369 1
18985981 26
20993999 18
60014959 5
79986909 20
4430 3
119990219 28
38997331 29
1013829 23
13139 26
8970 14
19959990 11
90004639 16
10008200 20
8470 20
59982359 26
10009400 4
102002407 20
97988421 9
139999228 18
37440 14
39957410 2
40001499 22
13140 16
119987669 10
20996928 8
38997441 23
150008698 5
5910 20
13980 15
19999010 9
119976379 24
90002949 23
39999769 26
12280 15
27978412 9
17489 27
101984708 13
90007260 5
20016069 13
12640 5
49967420 1
19999130 17
16630 10
59973730 2
16449 18
29995400 2
19995710 28
19998780 5
19997039 19
17996502 9
12003788 16
79999529 5
17995502 31
11540 27
8400 23
2000238 19
79984169 20
19994320 13
13360 25
18986220 0
118998540 19
2014238 10
19992930 24
139998888 27
110006579 16
28997750 29
11730 22
9330 2
28968581 19
2029088 13
8710 11
107961081 5
2006538 16
40003319 5
19989750 17
20006150 5
7970 2
79988989 25
58992090 27
118999440 18
13200 18
21992377 30
10650 19
19988740 28
20000330 13
79999279 23
20004700 16
20003229 7
10820 8
8983581 11
10993759 29
4970 0
98010921 12
13630 12
131975396 17
169995377 23
14940 5
7660 5
7850 15
8270 15
10700 17
880 3
119958479 31
19988780 7
8739 19
19988171 21
40005650 21
9120 5
39986590 12
69990129 2
5150 3
10870 13
39991089 16
19996240 11
27996652 5
42002347 16
20000080 16
36030 24
39966409 11
20000590 27
17420 28
39977790 27
20002039 6
89996029 26
40008520 19
8990 5
13409 28
27962743 25
12200 7
1999068 15
19993800 11
20001850 30
19998560 29
39995949 7
20004880 24
139997738 27
10400 15
58986271 5
81006159 0
40007790 8
10540 23
12790 23
12620 10
13429 17
7171 7
14819 8
139911869 19
9209 5
119990239 13
20001260 9
10290 2
20001999 21
20010290 10
11460 27
10650 13
8910 23
13329 22
12110 13
19920551 0
60005159 21
50015769 27
119972749 0
1020 3
19997720 25
57997861 14
20960 11
11979618 16
32002438 1
77995771 31
20005220 4
129993998 30
40005900 19
17993542 7
12600 20
2000098 11
8210 26
11860 11
39981920 24
79992399 14
14410 19
17159 27
28979251 10
30978789 7
20065099 20
39961520 5
89979949 18
30001580 30
19993080 28
100029288 13
8820 15
8910 16
11190 0
159948089 17
20989379 11
28025032 31
7119 19
10992059 30
59990719 8
13430 14
9985450 0
19990930 31
29899 12
39995800 16
19968430 29
22600 27
9390 9
17963752 1
102008436 9
18993071 6
1019129 18
12620 8
49968690 26
39999049 18
9140 6
59994649 31
19998180 20
58012791 9
11979388 18
40010960 15
19994969 16
80017939 16
19980890 15
58994161 24
15190 24
16549 24
12390 5
10760 16
19949290 21
110998518 4
8013432 29
51996987 30
119989869 16
20000300 10
13920 8
10389 30
7530 26
59972660 23
2530 3
8990951 10
14089 15
58976750 9
82003837 23
20019250 6
19994879 30
9999910 20
13570 20
8060 1
88959300 25
1016539 6
149990509 9
79997270 12
16310 28
79983149 27
8140 23
7610 11
29981790 8
19999970 19
110000998 20
13780 26
77980272 11
12015868 23
39982280 16
13910 4
7050 16
19984770 0
20023809 2
17969192 0
62004698 5
10620 22
10090 18
89977709 1
140003368 1
40029379 24
7680 28
9750 18
89952589 13
19994630 29
19997729 18
10998769 20
149001789 4
1951 3
19999840 30
8960 12
39996020 22
19994339 30
16160 4
8370 5
11190 4
49960670 20
17530 29
19981340 11
12980 30
99986658 19
9929 21
6400 9
39988460 16
8770 23
26800 17
19980331 11
19984491 5
8489 1
19982860 31
25530 30
19989100 29
6610 23
7230 22
8999 23
69957050 13
100006349 21
19999350 8
78995201 10
41003388 14
7730 7
6730 15
79988829 10
7880 21
19986900 29
60013159 1
11120 24
39967650 28
19030 10
7539 11
39995089 5
19988380 11
11370 17
20011210 5
79971790 8
15240 19
9730 12
8981481 30
9989999 0
51004039 23
60991618 13
59001391 25
19995959 11
12820 9
12370 19
11940 19
229969107 12
13180 6
110007479 4
9650 27
19965050 15
20003760 31
13909 16
11470 6
6500 1
9230 10
12260 18
9380 4
9600 10
148919290 17
11066358 10
39931840 9
129998839 14
70006198 4
89011860 17
11981138 23
8006402 29
11003699 2
79990609 28
89995439 12
40017409 15
12860 16
29980630 24
20009169 2
19977700 19
8809 5
19999920 11
19994920 15
19995960 15
18008232 18
71994297 19
20015209 22
10004170 13
79983209 24
19993770 22
20001810 30
59996519 28
40006330 20
19996240 28
10070 21
9480 24
19985940 22
39991480 25
160004198 31
29749 2
139966109 9
8470 14
7660 22
9920 12
19978431 13
20009459 18
19984410 15
14390 19
19990150 28
19996249 24
49006551 17
30991499 5
169997218 26
20002610 23
40011650 9
19989510 19
69997150 21
139998568 14
10310 12
129988758 29
147997021 14
10300 4
7839 10
11986978 30
19996130 23
20003840 7
12910 31
8339 5
12620 26
57956561 12
11530 12
2017848 5
9470 25
10150 16
19965610 10
210982876 19
79005510 5
37993922 19
41998887 15
20004070 31
19997230 5
27997672 17
1009040 26
140996847 17
39997059 27
34540 22
129968629 8
5390 14
49991260 6
19999290 1
40003129 20
8870 4
19989760 1
109993839 31
39033140 26
10964809 5
8770 31
123708 4
19877122 10
79994339 4
20001999 31
20001250 5
89990949 29
39998399 17
14200 29
59992830 25
8780 9
19991639 11
140047287 19
49949560 14
7040 4
10006220 10
7995672 30
9000 19
40985028 22
49000821 17
11996228 16
40001700 21
39993809 14
7660 4
19995349 20
29997290 25
7790 8
810 3
109990339 10
20021519 4
19973300 17
10870 24
69990679 13
60000599 5
17997462 12
31996768 19
20001320 28
11211 27
9409 27
69981520 2
9359 23
59992000 27
99993119 10
6300 28
10360 27
58990680 18
10710 12
10985019 0
39995119 13
40007960 7
9810 25
7830 23
8540 25
39974609 14
39988750 29
11002189 29
59004060 12
89997709 6
8320 27
890 3
8440 27
79978749 0
100001298 5
100003749 5
60000989 16
10004749 24
19998650 23
29995150 4
20021929 18
17969282 5
101006598 12
119992139 19
21003679 5
8270 4
6670 6
79984929 22
20994469 7
59008250 16
39997870 30
19991509 5
40000360 11
20002390 1
40000299 12
10450 8
890 3
11400 26
39991300 22
8999311 24
28981851 28
9820 24
2002128 18
39991590 15
20000149 23
19997439 2
40000680 19
39997169 30
20004270 24
79997559 0
8840 8
840 3
29993949 6
19996100 27
118996270 23
1010499 2
59993299 16
14400 23
59981909 0
19995490 17
6180 16
16430 22
10020 22
99971919 5
8510 29
9097210 17
6779 14
8090 17
70872220 25
14080 30
49990669 16
7150 15
149988948 24
20000190 30
69998679 29
870 3
1390 3
20000040 19
20007830 16
69994900 0
40003259 7
19987160 4
20004190 17
9001311 11
8890 22
1840 3
8689 8
9150 27
20973689 21
1460 3
79990479 7
27994292 24
62005417 14
32460 10
19964180 24
157997410 7
860 3
6730 2
2005588 25
59990329 6
8430 18
6160 13
59985859 2
12370 1
19985880 23
9750 15
5210 1
28006082 0
8060 16
251966535 13
157997380 8
850 3
2045967 27
19964490 16
9930 27
12240 1
5480 16
39965710 29
6860 12
39989479 15
14980 2
18982641 16
31001269 13
850 3
120000548 4
57829 25
8630 15
269926618 26
100003498 25
59997169 2
78996300 18
1016799 20
9994081 14
8319 26
19979050 21
40005560 15
10240 11
129990838 20
10950 19
7990532 5
30990349 21
51000209 24
78999870 20
9220 8
1002239 30
59993529 28
20005140 17
10790 6
19977620 25
30519 20
9880 16
6530 18
17959342 28
12010348 4
19994130 10
39990469 1
10951 29
13919 10
10690 4
19957250 6
40009980 23
19990149 20
19999980 30
9006131 5
11006579 6
8520 14
18978851 28
11005319 17
20000910 5
19999050 5
19997380 15
870 3
19995570 12
80003350 12
8880 27
4360 3
128993739 10
70983368 12
7070 17
40002069 22
2500 3
11400 1
39987950 20
17986922 14
18040 6
8030 18
16300 6
61964317 13
38993671 16
7671 27
41990707 6
48008011 7
50996779 22
19999829 14
19996110 9
9090 6
19987760 24
58003691 27
12000248 30
8310 27
7240 18
19991410 8
6300 12
28991400 17
51987928 7
13380 22
33009 15
14340 15
18948442 13
9021830 0
7330 28
5740 8
80959138 12
20001270 16
119999978 31
19996320 12
23050 23
10310 9
19966980 31
7730 9
49985929 19
1800 3
7980 17
98991900 21
8600 8
7840 11
60983048 24
8260 0
39999430 28
25329 28
79967390 30
19998589 5
99999358 12
7440 14
7560 11
39995850 15
10129 12
9679 16
9580 29
7640 6
39945420 8
39000351 10
7540 19
40993538 31
89997549 30
40001270 17
909 3
760 3
19996649 17
8380 7
99996199 21
99993169 20
120003408 10
11820 13
79988339 7
19999810 12
1040 3
40007469 27
9999740 15
69992369 26
920 3
15110 1
9360 4
8973361 7
890 3
10410 30
7640 8
30995939 24
7079 27
10469 17
10460 22
9230 23
8250 19
10710 4
6850 31
19917560 6
8971 17
39983169 25
20000900 9
59996169 0
13940 14
7600 13
19995860 5
19985749 7
60003830 17
219999167 24
19996600 1
19419916 7
20575683 10
40005870 1
20019909 5
6720 24
79971689 20
11700 10
6930 14
69979010 9
20016819 21
12960 0
6240 10
59961279 14
18997970 7
321417 29
8449 0
80673942 11
39996140 23
20038009 11
19965530 20
9890 6
7240 24
19983580 22
19996810 26
13960 15
869 3
37979032 10
7180 30
840 3
13970 18
6710 4
7120 29
51968948 16
20001430 0
9104720 24
10893230 18
49995409 19
10330 17
5700 7
59986480 21
9680 16
59994420 26
1509 3
19993411 17
89999849 20
8530 30
10910 0
39978390 25
7998322 15
121997586 30
18999021 6
110001449 26
9530 15
90992228 12
8080 2
59992580 10
20000549 24
9770 21
99980909 29
20004910 24
57994311 28
11999858 26
170002588 1
1003298 12
37994611 15
8450 1
7240 4
6020 8
982029 10
890 3
40023329 9
77967672 26
840 3
32004687 18
20000090 28
99995159 20
8004401 10
11997778 19
11340 28
19989210 26
28006412 11
20995228 23
6700 1
10984329 12
20004690 14
19997950 23
140015138 22
79982069 20
20001800 19
8330 6
8730 30
39973850 2
59998889 2
19619 18
19992570 16
29989040 4
20001779 26
12070 7
9560 7
19975730 17
11630 12
7730 8
58980771 15
1010688 26
39986800 25
20002950 6
20001559 20
7810 8
7992452 0
81994797 16
90002019 14
13070 18
19989940 5
7490 30
39991009 5
40003680 11
59991809 12
70002379 0
15610 20
59982329 28
110005249 10
99990329 23
1730 3
30001749 17
15050 26
39980140 17
20001899 18
19997740 17
19002221 17
19997710 25
9789 30
9720 26
7659 15
40974269 10
20013260 11
6390 31
19977410 26
69998939 25
20005610 17
1029 3
39997080 26
9998090 25
108995620 24
1010638 28
19992350 9
6360 15
9590 15
59976909 26
180008058 27
208993318 27
8240 16
9710 15
991169 27
6070 31
49988279 26
7291 31
5900 5
79980199 0
19999620 11
20006670 9
119998708 7
38995881 31
1013399 26
79988809 25
9690 4
1070 3
19986830 8
8399 11
6729 17
20004820 29
9740 20
19963970 0
9460 22
8410 21
19700 2
19964260 10
5020 2
7994422 21
8310 29
6190 14
8980 7
7089 11
71969708 15
9630 18
19983559 2
140004879 6
60000159 5
7600 13
8998471 6
10993269 0
20000119 23
59993850 30
40003899 5
57994222 0
101003017 9
1007059 10
19992040 20
39998259 29
1025709 21
12070 24
58978750 7
59985620 0
8859 16
229985998 28
40002219 12
40008700 8
19993039 7
19998850 22
70000999 28
17240 29
8988211 17
10000 11
30977239 28
27998541 31
22001268 13
80008489 7
840 3
118990069 26
1012529 21
10002000 22
39984600 1
29033170 13
60968119 2
190003398 31
39997820 31
59997619 21
219997317 6
20006410 5
19995119 1
59999880 18
18199 21
49989110 14
15920 19
229981187 16
19994510 8
199995817 15
20004100 17
7450 18
57988351 11
2012768 22
7180 8
10640 22
8977092 10
10996799 20
19997549 20
100018019 19
9340 23
19969500 18
15900 16
8750 16
9291 16
789 3
99966368 5
13539 30
19987950 5
10900 13
57980541 10
12007927 12
9030 28
10580 11
19974370 18
7020 16
20000980 30
8870 31
89983299 25
20469 30
19976840 25
20003069 7
37993812 17
2021507 5
19984000 26
59992259 23
30006490 23
9999060 31
79994399 29
20007940 5
40994688 23
56996883 9
991 3
22010108 26
9996920 31
40010739 27
8620 24
770 3
6360 24
219968607 4
200992857 1
6230 4
118991759 9
10310 16
8340 18
38984991 24
8390 19
210994806 21
7070 8
29986789 2
8191 13
8109 26
6980 29
7270 0
19974610 16
7190 17
99987329 5
20006520 24
1120 3
8869 4
5960 21
19389717 29
40581533 6
19999510 14
16769 24
6529 0
19979960 27
60015069 18
7379 23
19975310 19
9005711 27
8870 12
10983759 25
9170 24
39990420 19
98999570 20
21001569 22
5400 13
19994180 22
39996469 24
20014190 14
19992160 31
19993409 26
6640 26
8999511 6
50992369 22
10900 23
9993121 0
169997957 9
6980 23
69990459 28
60004610 24
38994300 20
9420 30
995649 5
6560 4
39985760 17
39995849 24
80031958 10
19971300 0
10620 9
19985120 18
40001290 20
40003029 14
20000900 12
17992602 18
22004188 7
60003830 12
100003368 26
37987042 31
51998597 13
169004359 13
8800 27
1990 3
10749 5
130984998 20
17210 15
79974229 4
9230 11
9540 11
9985370 27
7840 17
6830 27
29984429 11
19995930 29
19997070 24
20001240 15
18993551 8
11018779 14
19983100 31
11930 8
15620 1
79982639 10
18988411 2
60998788 17
120002638 21
19994350 23
1500 3
10006180 6
8530 31
49988429 26
70002059 15
11170 26
19986410 11
9150 11
59994619 14
5490 16
7990 23
69981149 8
9000441 23
10990919 19
20006070 23
940 3
19998119 6
17994571 23
7459 28
81995377 29
20009200 5
19990480 6
40017159 7
19992740 23
5530 18
6940 17
19981159 12
29991979 1
40000900 20
19995770 11
9209 16
11150 18
19983320 20
13560 4
39998569 12
5591 11
6589 16
6370 16
8250 17
19954681 0
80003819 31
10013540 13
7230 19
139974388 20
40007729 17
109993008 2
150004408 4
8001022 11
8660 10
5200 13
987379 14
7080 28
8988481 26
10190 21
31987838 30
20003509 17
8820 10
39986180 31
19730 18
99980219 1
6989 25
19994309 15
8840 7
19987350 5
7860 21
59988009 14
30013420 5
5540 0
79983370 8
18999890 13
1009089 20
39992550 13
19999280 20
6730 10
39991499 12
6800 17
8370 10
850 3
19982890 0
11450 21
29981650 16
80000979 8
7460 18
59993430 29
8520 2
11450 15
39991320 13
9370 19
99980969 28
19004211 1
21007909 19
179989098 10
60003129 24
67988651 15
52004477 21
6810 25
19991330 13
119996439 10
178012320 20
51995557 19
22140 5
59973379 20
39996670 9
20003430 11
50001959 29
20001580 26
69994249 14
19997889 24
19999259 7
9310 6
19996600 25
20003290 10
59990849 4
7890 27
19987450 16
7020 5
7998921 22
9060 31
11981699 20
38001251 12
12013628 9
59988349 11
19998250 21
40003229 19
119995798 26
40003720 13
109996329 30
79998179 21
9271 23
19988249 25
140003468 20
80006329 30
119989349 22
40005389 9
129999798 9
99997829 31
8002222 26
89992919 15
12005967 26
39998329 11
19998490 25
4590 2
19997569 11
7799 27
9997920 10
39993960 26
1660 3
59998449 27
6880 0
79989299 16
20003180 16
109996979 2
19997750 10
10030 18
9997090 10
118989959 21
41004579 13
12839 28
159985678 6
40017380 22
5700 2
19971009 14
9851 2
79987548 11
860 3
20003170 17
19999770 0
20004269 8
39991259 17
41000498 19
39002600 12
9002061 16
9999260 17
101008997 9
15230 8
39977760 1
19997459 16
7860 13
11160 8
890 3
9630 13
6370 12
8040 6
39951600 23
11370 15
10011770 8
6939 0
29967470 14
20004259 0
59996810 13
15500 29
7970 11
49972320 21
59001120 4
61010628 21
7040 25
79983119 5
39998769 10
8001443 13
840 3
11998278 15
39992210 11
20009079 15
59999210 1
219997317 31
39994119 13
60016419 16
139983558 22
20021279 31
39982350 12
170001727 5
8999241 29
6890 30
6610 7
8320 14
50972459 27
29008130 9
19998250 4
8210 31
160984127 5
8999170 30
7400 2
10987349 28
22320 23
29979650 30
19992740 2
11189 12
12260 6
5840 5
19980020 28
58994571 1
1004138 24
6529 7
5290 2
7730 11
7040 30
19970550 6
28998191 25
8290 0
50996928 13
7160 23
39982980 20
77997600 7
21014149 23
7630 7
7310 7
8100 30
10981769 10
59985469 19
29996460 5
7490 1
9020 19
39977690 16
120003849 13
90001719 20
5551 22
9379 7
19984000 16
19995390 15
8005652 18
21000179 4
20996818 12
13240 13
8985981 2
10998459 20
60002019 6
18997971 17
1008899 14
7820 19
8180 18
19981399 4
19993950 8
40013580 28
37978251 26
7490 13
41996978 11
22939 9
39978760 23
18991531 27
6160 21
1016409 13
9986260 22
7170 26
40004569 1
19990380 27
6790 16
5930 19
9630 16
789 3
7860 5
8071 17
4799 1
7530 11
19952120 9
7329 23
18974500 8
1008999 23
49989620 5
8520 30
19993999 5
40007999 9
7670 28
18984701 0
1006439 16
79986659 9
10460 13
9189 21
8987230 31
11001608 15
7960 4
12180 27
19979340 17
39993340 8
19994939 19
19590 13
20003700 25
6080 25
5571 14
39968370 26
20002040 29
57993351 6
22007808 12
20005640 24
6860 30
39994960 26
6200 18
79981349 14
9280 22
6380 22
6480 23
1490 3
6340 29
19964060 2
130002498 16
8060 10
19987960 29
10001960 2
30003239 10
20006940 25
58988150 22
41005079 18
89997328 9
98996680 25
7750 13
5680 24
6740 29
20983579 4
39997259 19
57994491 11
6531 11
12002797 15
12400 17
39982420 16
39994419 25
40006650 17
19997899 4
20009840 11
59989439 1
7700 12
39988400 6
100019298 11
19983230 29
50001649 21
39996390 14
12070 21
6900 20
79976240 19
8030 20
5480 5
8995690 23
8620 8
10988319 10
19998030 28
20002540 18
137989730 14
12007978 1
1250 3
19989330 6
20005589 9
10005960 14
35025824 28
14975175 18
9994410 14
7760 4
129986699 16
60006119 20
7600 29
30006329 1
59977989 29
29009001 15
29989220 13
21003858 15
40002770 26
19997180 18
79995199 7
9320 6
69990069 20
60005499 18
70007580 19
79987739 30
139998809 5
19999149 26
58995510 30
11016288 22
7530 15
19981090 8
19998440 5
6500 27
119988308 29
40005950 29
6209 5
59989600 18
60019249 28
7985572 8
11998758 9
19997619 11
69997989 21
20001530 16
78995870 24
1010639 29
29994050 1
7998782 9
6560 27
3871 0
11986268 5
8739 24
39991280 21
7999622 1
10996709 12
51005358 5
7570 6
19988230 22
58996690 11
7310 10
1015269 15
19984920 21
129999559 27
5840 14
59991499 0
40006469 4
19993360 20
39992660 8
1620 3
39998780 7
20003110 30
8420 8
19991990 21
38997710 27
1014719 11
19988070 15
19999419 9
7600 23
139984128 21
20009789 6
6690 25
6770 12
89974469 23
9009081 4
10999298 21
49999039 4
900 3
20009880 17
7990901 14
11993967 1
69996829 2
79002079 19
21004929 4
19995300 15
10730 28
59994119 11
30000570 24
19988710 20
7710 15
9700 9
59986819 30
11000 26
6350 30
7280 16
5510 25
8030 22
7140 8
79952419 15
28014812 2
11976058 31
10500 4
8079 24
9984430 31
69999138 1
8001641 9
10998948 20
1008929 0
39987740 22
20003700 2
19999540 17
19997450 12
40004650 16
18180 6
8050 9
39971400 7
5010 2
5220 29
99993008 10
39991769 7
18001252 25
21993638 10
20007820 8
19996050 19
7840 17
129988078 19
20006950 9
20000299 1
39990800 17
20009490 23
10529 13
99989958 28
14730 28
19979800 23
50000599 26
12400 30
39985040 25
6300 4
89991658 19
20001189 0
38997411 0
6150 16
889 3
120992708 26
40020719 20
5950 24
99975019 4
40002079 14
9349 7
19992940 29
19989650 5
70002329 30
4820 1
19998950 17
19996860 13
69996958 4
19997470 12
20005060 26
12920 28
9639 28
59973410 4
5270 2
19996620 27
107999320 6
11992428 7
7800 1
119996789 11
160002298 4
20009220 0
7630 9
4780 11
1480 3
19973000 21
20003809 10
19997460 12
19998490 19
39997489 26
7320 25
5810 22
7991962 18
920 3
6460 22
3850 2
71978477 0
900 3
77996991 27
82003437 28
8430 13
27986082 19
2013077 19
5850 28
16983793 17
3008667 7
59998509 10
130014868 25
29982580 29
19996060 13
19996160 24
7950 10
19996529 9
9997560 31
12000 29
29989570 20
10003120 7
11151 29
7769 21
9979090 23
50001750 17
15039 28
119978789 29
19999610 11
19997780 6
6289 25
8551 4
19980029 15
140004128 12
6010 16
20000480 15
59995329 17
7380 15
38985801 2
5370 30
4460 2
5260 2
992760 8
19998570 26
4560 1
59990999 10
7930 26
49995550 18
8350 14
8988411 21
31006488 11
17300 14
19970510 22
7260 27
38993651 25
21013009 16
19987500 17
18660 20
28982070 17
48995821 2
1005439 24
11019158 21
6980 8
7420 11
5350 15
7470 4
6610 4
5730 30
6660 21
79924190 6
909 3
60000120 5
58998470 16
11019968 31
79985939 23
1031 3
40013540 14
117977801 22
12769 14
989169 16
30995399 18
20000969 30
80004779 21
15980 6
89982109 16
60000109 16
9000251 5
10997999 31
20014810 20
69985309 18
8998721 5
10999769 29
118996900 27
6610 5
61008318 15
99983369 6
17069 24
7631 10
5840 7
39982810 15
69990789 8
8001762 23
6340 29
39983780 2
22001098 1
9003731 0
150994547 26
20012560 5
8991601 1
11010538 27
29989190 14
19998740 19
20001309 30
19996360 20
27997242 13
4870 0
6829 27
1580 3
21988157 21
20000380 22
39995760 11
17170 5
985869 23
5289 4
18991411 9
28003632 17
32011397 21
19990610 22
60016559 28
6980 30
7340 10
4020 2
5970 28
8962511 14
6530 1
6050 28
38978421 23
142994305 13
79047999 1
19951100 27
20015960 0
11990 19
8976701 27
8010 27
10986449 0
17680 1
5560 10
69978520 25
17992341 0
82009316 15
19997630 31
5540 2
5720 27
50007869 4
19987160 5
5630 18
7860 7
19973310 27
20007429 31
27990982 11
11016159 8
50989938 7
5640 23
99995259 9
179999987 29
29999900 10
5360 25
39990889 18
19997300 24
7380 18
19996739 28
9011041 9
7800 18
50972589 17
20002000 14
59006430 17
5391 30
110982227 22
9005291 26
30997759 18
6900 5
79988988 25
110004859 14
100001729 18
5700 18
77987030 0
6231 22
6389 5
11984438 24
6080 28
19999130 27
159997298 28
50007059 5
9330 27
9100 2
19973210 21
20000719 18
19999960 18
49993929 23
12600 9
8660 28
29989230 20
9860 14
59979849 12
109001340 25
91013777 4
39002140 16
90987938 11
19999890 17
59989699 4
20006719 23
7300 7
6430 17
69986019 11
119997288 19
40000280 9
60000799 27
40008559 31
49990520 21
5770 10
7879 9
59977230 16
60015719 23
13620 26
5880 23
8950 11
19961221 31
6640 24
69991109 1
40009239 19
39992049 24
5111 24
27990541 26
7240 14
41997368 0
7900 30
19989119 27
40000920 11
9519 26
8309 13
19978311 16
10080 19
19993670 20
39992330 8
20006339 14
20004830 29
29995339 16
48000991 23
5850 24
12004498 14
59982039 10
40004569 20
20002100 31
6840 10
17981502 30
11999948 26
80010659 26
59988020 13
40003829 9
38997770 26
8111 24
10999918 15
19995080 8
19999780 13
20006899 15
79985668 23
60003290 2
20001230 23
11310 10
39990170 17
19992089 4
60031828 15
39985800 11
7620 9
7380 8
229970157 31
20004550 15
5960 28
7540 7
6490 5
19975700 22
7790 13
7070 19
820 3
10290 29
1250 3
5000 1
6580 27
29964310 8
19999479 6
19989540 5
190006168 26
9469 29
99988429 2
7380 30
20015259 24
9920 7
5610 30
39973070 12
6640 7
179991397 16
6260 11
39979500 14
60001769 6
20040899 7
19955381 18
180003057 25
20010009 1
19982809 20
12000 13
980 3
39991890 6
9400 30
7992142 12
71994957 18
28000761 21
6850 27
6430 11
51986808 8
6480 18
19986329 16
8880 30
19998980 29
99993409 5
17999292 6
13240 2
9440 6
1983388 10
19997720 5
9470 8
7130 22
9850 24
1600 3
19969780 17
40005659 29
5900 10
6750 8
7860 23
27965532 2
2007708 16
19994069 10
9002932 12
899 3
11004229 20
139989138 5
50011050 6
6800 8
19981849 2
60002669 2
60001020 29
59994469 4
20007499 18
117992601 22
31997887 31
20001060 31
110001998 24
1530 3
40000740 31
129996748 10
20000010 18
30001299 22
19998810 23
20010050 14
49999069 30
39988689 29
9230 2
5160 18
7340 6
19978960 19
9110 4
7730 2
59980539 24
1630 3
170008188 29
19984079 7
80003948 29
68000390 8
6950 28
11993438 21
9010 24
19988430 2
5560 22
79998289 21
230018466 15
99976819 21
10650 28
79992459 12
19994340 15
120007208 2
40989738 7
9012681 17
6940 15
9370 5
5290 5
19967150 18
90001859 14
37993982 4
142003256 6
100002218 24
19998589 2
19994110 8
190006437 24
20001120 5
39995220 26
10370 10
6300 10
5380 0
9981140 26
19998430 27
10006990 29
49999459 16
850 3
69990489 28
7060 29
79992289 9
18994331 23
7449 21
7880 24
994240 14
59994700 30
12960 24
19978800 10
13551 4
6350 6
89979969 29
8010 1
19988170 27
5430 0
19999660 22
7151 21
19996380 17
10530 9
59989619 25
69991450 2
12540 29
39986320 16
120013508 17
19993790 14
6660 1
19985060 19
20002879 24
5230 1
39994630 21
19999329 2
158995069 27
8900 6
9610 19
1004479 26
89979819 9
20000449 11
25069 31
19978660 27
6500 10
19987480 11
7680 4
139990668 13
7880 4
7990972 17
6380 21
999909 22
1570 3
10992339 7
6110 1
7219 13
9987261 5
8249 26
49988380 12
20000350 17
19993850 23
20011340 1
70004369 0
19984800 7
60001199 26
39997559 21
100005639 0
48997120 16
11006309 18
6470 23
39987909 6
40000160 6
9529 29
8211 23
99980538 21
139996828 20
7720 18
39992180 5
20001189 12
7999972 14
10995419 11
21010419 4
8050 31
8180 19
39983769 8
19990910 23
19999870 27
13010 31
19984019 19
17996732 20
12002738 9
40004659 17
16310 10
19993010 6
129981778 26
9004651 31
9998210 30
7630 13
998889 29
79996769 26
7350 18
5900 11
19980369 0
159999728 20
20007410 8
7340 29
59989419 20
69999879 16
168996239 23
210998056 18
109996738 11
18999121 9
11022048 23
19985150 28
19990790 20
20004389 5
119997959 21
49998749 5
19480 19
6260 10
7700 27
7970762 6
70992628 0
870 3
70999238 31
8002622 18
132011166 21
59984139 13
20007530 21
109997588 27
19995470 20
19001051 5
41017339 27
5220 1
59979869 2
16180 6
39979769 24
7291 7
19989490 12
15700 19
39988080 2
6771 7
18992150 11
20999169 22
9380 1
59992339 11
7720 23
19992890 14
17993092 16
7879 7
51989908 0
50008909 11
19997480 25
6700 8
7970 22
98982489 18
12610 5
8880 5
6940 27
1350 3
80970458 13
20000000 12
7810 6
49991669 21
39995530 5
19996019 15
4940 1
7520 19
29986750 22
9150 15
5440 0
100001158 21
149991138 10
9001971 23
88995260 15
32009307 10
179992278 29
10340 7
10449 31
19973940 2
7660 10
39989050 18
20006119 8
70005218 26
6890 12
19985620 0
19996450 2
10730 4
10003140 16
19987910 4
6111 16
128991450 31
9660 22
5831 11
30983198 15
20750 19
19972980 12
200008917 7
20000200 17
38996520 20
40999828 1
7111 15
11569 15
6480 7
8972801 31
11000798 28
57994331 27
12002698 18
19998020 10
99999158 23
78999820 21
91000328 18
18998001 13
1008599 6
69996569 18
50002629 12
98990910 16
31004108 10
20002190 27
109996678 10
110005468 25
19995290 0
20001470 30
18991731 20
8689 26
999069 31
19990569 29
20009750 25
59995959 7
40020329 2
5840 13
10400 16
19966780 24
12740 0
8988811 5
9450 12
7650 31
8660 14
6770 20
7820 0
150956948 18
79998209 22
37992711 16
22013078 20
19987559 15
159999138 13
40001150 31
6329 16
39995559 4
1080 3
439996944 10
900 3
40005150 19
49997019 7
78989070 15
116277889 25
24727918 22
40019209 17
6330 20
49978149 18
7280 6
161986475 9
13000047 25
4008316 28
29094450 7
1929338 10
17979742 2
3987546 2
9460 18
15994564 29
78008311 0
45992503 30
68014771 8
29985670 1
1230 3
171005366 10
8510 28
1996008 2
176968571 13
8025931 12
41981898 14
20010679 11
39986070 12
205017782 11
4998295 27
991599 4
34990714 9
9210 28
9890 22
1050 3
8080 8
101976087 6
97996641 12
5770 12
23989226 0
6160 11
1010729 1
12979907 17
82998626 19
73016115 30
39998640 28
80987528 17
3000037 2
6139 19
6993123 29
39013100 15
3002017 11
4993375 0
32985916 22
29013100 16
11001339 6
5760 2
38986000 26
19998930 29
10006710 8
7994122 1
51003528 0
1007859 19
6789 6
3629 1
6889 6
6449 6
1149 3
9961271 25
6530 24
19987540 6
19999050 14
39997630 0
40010299 22
59988579 8
19996940 23
80002579 21
8149 22
7992583 1
12007348 9
9740 9
59982849 15
159999627 22
5210 19
28991631 14
30996588 18
9600 9
6620 28
59989599 13
10430 1
7750 5
3640 1
6290 5
4076955 12
23883667 24
10004220 18
6070 16
31993817 25
39998600 25
19999059 18
6480 21
39995819 13
19997899 12
20000719 29
20000210 11
8870 14
18986931 17
5870 13
6430 19
993738 4
29999809 20
39999410 12
5431 9
19986010 28
50005530 18
12229 6
1140 3
7030 20
39974370 0
110012188 15
19986840 7
6080 22
69996289 9
5140 14
19994910 5
20001379 1
80012939 12
11370 12
78969970 8
161001087 18
11470 9
19992990 25
19200999 2
7710 29
784651 1
80015679 13
69984239 21
39995209 20
9004581 15
29998580 20
1008868 30
9171 30
79981439 5
20000720 23
17993342 8
9320 17
990 3
5270 28
15008405 12
7800 17
5120 28
6310 22
16961053 13
20000970 31
5480 30
89988729 24
6970 19
39991909 4
40003960 4
19993359 15
8340 4
39998730 14
6449 15
19988620 28
99995838 17
100003399 27
5689 19
79996079 20
179998447 1
7720 24
19989969 13
139995788 28
10770 12
150035868 23
19962620 8
8200 10
129978808 15
8600 23
6020 28
7910 13
6040 20
19980409 30
139994068 13
12480 12
5530 27
19977730 26
20004540 25
19995390 5
12909 23
6920 16
6840 17
97975451 25
11994138 8
10009450 4
6171 30
5409 31
39984700 16
79997359 8
12220 5
6580 31
99979678 8
59998528 12
57997411 1
22014747 21
7860 8
99984749 6
9001361 30
10992698 19
14999 15
19988410 25
179997437 4
5560 23
19996040 25
19996390 4
20011569 16
59986350 5
19996220 14
20005039 29
19996440 17
8001582 5
12012478 15
5389 1
39980180 31
6450 6
19995790 0
70028248 19
39969560 13
20002240 6
29995929 27
20002420 27
169994867 11
5520 1
49004300 29
10993919 6
40010609 21
19990280 10
8996630 23
7411 11
30992738 8
8460 4
78988850 25
1006499 31
6520 16
5230 16
6070 16
19973651 27
20006420 17
19999280 10
6340 11
10030 30
6769 6
6531 0
19964321 26
209993417 26
8700 28
6670 25
37982472 7
7300 7
35993083 13
5369 10
45995764 15
100003468 0
19999140 26
18997891 16
1015209 15
19980870 1
60012859 14
19990250 1
200004617 24
6260 2
18995191 28
20995369 9
6010 9
19989150 4
12400 9
5450 14
19992040 6
20005210 5
19986559 13
18998751 8
20998309 12
39996359 29
9002591 4
5430 6
19996640 28
10999729 19
6319 21
7370 21
39987210 17
19990820 29
17539 24
19987239 20
5020 31
19992010 4
79994309 22
20005759 26
37995272 0
8220 16
181997015 18
19993990 22
50006449 19
6310 12
19985440 24
8260 18
5600 27
59987609 29
103997504 27
5650 9
5170 27
6000814 29
890 3
17991362 23
11660 1
1985588 8
5720 29
59655793 4
5260 30
70332465 12
7950 7
5610 25
19982280 31
71999757 6
7900 13
18013231 9
12860 26
9967620 25
40006109 30
20002100 13
6150 18
15978354 7
6004374 27
5710 31
107995840 22
19997280 25
8770 12
7960 23
8989931 7
7220 18
10982789 9
7260 29
19998509 7
8199 20
15990794 4
33995436 21
7400 29
6440 30
69990269 5
20509 6
19974030 23
39995820 29
7460 5
6180 15
1260 3
128997729 1
7390 19
6800 11
986618 27
23983187 0
1220 3
5243262 28
1190 3
7680 12
5749 22
749652 23
1991638 0
6820 26
5630 31
5980 9
26986133 5
20998928 21
6071 19
6629 12
19987090 28
20004200 19
57993031 14
51999787 30
58995621 6
1011338 5
129984669 4
12239 25
6540 7
7660 26
5600 7
19323767 20
10681072 17
79965019 23
6710 24
6600 7
19981320 11
10009970 14
19012391 5
6550 16
15971874 28
25017714 8
59989810 29
6140 21
64997413 9
9100 29
34993035 8
59994409 27
20000040 15
7450 10
1190 3
5479 29
19975400 9
9001851 19
30932100 5
20078999 15
11986728 6
9680 25
6630 12
5520 12
7992682 24
7030 14
49981380 6
19994300 31
19740 5
39989080 22
5780 31
7819 31
59969300 29
13510 22
11389 10
54979145 16
6420 29
34992254 25
19996009 6
50010249 26
177987530 15
2011678 28
119992418 1
20003110 9
5120 1
19990249 9
39999310 2
5860 30
67993951 9
9004440 11
12995917 29
20001310 9
18100450 19
6251 27
1898059 24
19993669 0
19996650 17
7100 16
19994040 6
57994221 22
2010338 13
7960 23
5269 23
19976169 16
197999319 18
1005709 5
5669 14
997760 24
19995730 12
6450 12
59986879 28
7060 4
18992671 7
1006159 22
29996740 14
8005411 6
5270 12
51985148 9
29012070 10
6660 0
910 3
6310 6
6300 29
10967419 28
14770 31
6680 19
109974248 21
210004327 1
5790 23
11060 27
5480 26
39971400 11
40011139 26
118991489 1
6400 9
870 3
998279 1
69996239 9
9290 29
69992379 30
19996340 11
9000380 13
5220 13
5991 27
10995308 23
19987230 12
100006268 12
6891 27
5370 14
109985709 18
48995140 4
1032839 24
119963458 19
31000979 30
6730 10
6720 7
820 3
128989549 28
109999238 4
100002259 28
219994646 21
19999130 5
19998650 8
60002439 5
20007970 15
8820 19
6540 7
5740 10
129970798 22
20005070 29
69995379 31
7680 17
5460 28
6520 2
119985708 13
7690 28
19980130 18
20002210 14
129997068 7
13730 5
1220 3
7000 23
149977997 11
98993170 24
2018578 2
68983340 28
50001719 9
900 3
59992489 8
11770 9
59002620 21
20996759 5
19987670 31
20003439 17
20003029 25
27994712 16
10000269 20
5320 0
51998087 21
50002599 14
6690 24
59998009 23
6140 10
8987591 11
5350 23
6080 11
5330 23
48974190 14
5260 1
1570 3
7790 10
31986628 2
99995448 19
8007572 4
6780 23
11985158 17
59000030 1
1008009 11
6010 9
9992270 7
6070 7
250006676 10
9989510 15
29995339 25
7620 4
57984361 23
1080 3
2005418 1
119993998 29
9007781 18
71001928 27
10670 20
6580 16
18969561 28
81004658 0
130015638 10
18981441 19
8200 17
20993139 22
60004309 12
19993260 27
5980 0
159990597 29
8020 21
19998720 27
19998730 6
80009039 12
89982138 30
20004800 13
59999919 21
40001219 29
7590 27
59987229 13
12860 22
49987890 13
20005920 22
8810 15
5120 1
5510 15
39976040 27
90000089 1
70015129 0
59982330 14
100002439 14
5400 23
100002858 15
9860 11
19982570 2
11700 5
7130 24
5500 24
6520 8
59965759 6
99994839 8
19999919 22
160002917 26
60018309 28
19976880 25
20000300 30
5569 28
19991520 31
80004839 0
5300 21
19991489 29
8999890 19
51000198 0
20001849 26
19999320 25
6150 31
17986202 19
5330 12
61993907 24
39002590 14
8160 18
20987829 26
80002249 7
80003908 1
39992420 7
98001400 24
2008748 5
39988170 29
140003568 28
80003758 7
40009119 22
9996889 11
7210 18
5530 18
5720 19
6390 29
9966590 28
17994412 2
4350 2
6020 23
161999785 30
19994989 4
7950 26
5070 1
19982270 25
19000070 31
60995589 28
9006161 19
10991968 27
8002001 18
5610 23
11992428 12
140005138 14
19995690 5
14759 4
8989261 2
169995038 21
21012238 26
39989500 11
19996880 6
38000721 8
2003698 18
70001289 26
19995000 10
11509 16
59995959 5
5840 17
78981479 6
989 3
1009098 14
29993380 30
8470 20
39986850 18
8003171 24
32996567 1
79005929 29
19998759 18
20005130 2
19994099 1
200995186 22
9149 10
148986359 29
9012131 29
50999928 0
6390 21
59984859 20
58996050 23
1012698 17
69994649 20
7770 30
19993470 23
38993780 5
80998798 7
19997710 2
6280 30
17992692 2
32006588 28
5760 14
229993937 23
39997069 16
40004419 9
6980 14
7190 9
7340 8
49974509 27
58993080 18
1010660 28
30000899 6
60012179 19
99982358 23
19998540 23
7280 17
9110 12
19982170 23
5910 2
6080 7
29986619 11
19992439 7
20002060 18
39997899 15
10009910 9
4960 4
7330 1
49984229 8
99998579 10
20003359 16
7900 11
59985879 7
20000690 14
20005070 24
19989100 1
5900 24
8997721 26
11743160 23
12720 16
10120 10
8590 16
8930 23
38220319 18
1001829 31
30012489 13
39987740 17
99989019 31
20008280 29
69991169 19
129998588 25
88995939 11
1007499 4
6200 5
139993748 17
60990048 24
6940 9
9007951 28
20001670 7
6420 8
5740 28
1470 3
49971420 11
40012239 26
19984130 16
1100 3
40001659 24
150001958 30
7995882 5
32001677 30
7139 8
8110 11
19985590 1
870 3
69998129 15
40002079 25
19993260 24
20008910 11
39985919 27
7000 10
20018380 28
6531 8
39974509 15
19997470 2
60009299 12
5600 30
6020 18
29973709 4
8003272 4
12004888 25
89996809 15
109998058 4
19998550 11
7730 25
58988620 8
91002807 19
11430 15
9210 23
79982689 31
19996340 16
49997169 24
39993809 15
90004179 25
15640 22
19984330 15
19997179 9
7890 4
8001312 18
6510 4
11988478 9
39999179 24
19992870 27
10960 14
39988479 24
20000050 19
80000579 20
8780 16
7940 24
8990441 11
110996607 29
7170 8
19990720 2
89997209 26
20004849 24
89991099 5
40000999 25
30014430 7
169992887 24
9470 15
89988288 2
7651 25
19985770 5
19999560 10
10004840 2
20002379 25
1000 3
47998092 31
25579 31
8110 19
11965798 30
5391 0
99994519 2
6250 9
11920 2
39975859 5
15520 25
6370 7
39975540 19
119998168 27
5890 9
8630 16
20001369 26
19983530 19
15790 22
19988300 0
5840 28
59993989 11
6050 28
78987270 18
6440 16
11430 13
20988288 19
19993030 8
60002239 28
119998498 26
18996761 31
1013459 4
9988210 17
59996089 10
8220 28
5310 28
5800 10
69990469 30
19997570 20
58990700 20
31006649 4
19996780 30
9008550 19
30994189 29
7930 18
18983651 14
1023859 28
49988429 31
19991680 21
20024349 22
99973619 0
20004879 9
1030 3
7999662 0
11995018 23
5160 24
120007318 29
19986920 7
5870 30
39997899 1
19992820 30
23610 31
7860 31
59971659 23
79999509 25
9689 28
6189 15
107979741 17
5920 27
6900 25
7770 15
11978938 22
69994159 14
9360 17
10003429 28
99994439 0
19991330 7
9340 9
20016209 20
19979740 23
6380 11
37984802 17
2011869 6
39993120 28
59999819 27
10960 20
19995689 21
59990299 6
38998840 2
100998938 10
90005988 12
19994410 19
19001281 20
1005330 12
39994329 26
40000679 15
39998320 17
60000749 16
49001870 12
209996937 10
40993719 12
29016330 24
10986429 19
11390 29
49991319 31
19993809 0
20004720 26
19994030 23
70005568 31
20000849 13
6160 15
8999031 6
970 3
30992209 10
69003169 2
9130 23
5880 15
160974597 17
1780 3
59995589 15
40013009 14
18988171 10
1010749 31
37992271 0
10780 19
70988768 27
5510 16
61000368 7
7260 24
77982611 16
32020247 5
6460 5
5690 27
59973279 9
10001439 9
5800 9
28988801 2
11001719 23
6230 16
1150 3
19992190 9
79993849 4
79999189 0
7570 14
19490 26
19978200 23
8995771 9
5831 11
10995689 20
60000889 15
29993980 1
12670 25
5250 7
1710 3
39992639 19
39999529 7
5949 17
17981432 21
6430 21
5680 10
992229 7
7080 4
20994819 2
19990970 19
20006179 4
59997229 20
20003840 14
12510 26
19985220 1
59998099 16
19996569 14
7211 4
19988449 1
6310 5
20007830 17
69983649 31
9540 28
6020 1
9389 15
19979500 10
58996281 17
91004007 12
20000310 30
27996311 14
7189 14
51997467 29
6610 9
159982448 22
60006029 2
19991260 20
40002649 14
10120 22
7950 26
6940 12
39974060 30
80002159 7
8180 24
4990535 16
840 3
6490 22
9320 26
6710 11
5200 27
14969015 1
7500 4
19995310 15
99991129 20
40000220 16
19001911 14
1010359 7
12460 7
9980600 30
118995729 26
21004949 0
19995379 11
20005010 17
70000829 22
8520 1
59985889 28
19998180 29
10009840 30
109984788 18
19002940 7
20014829 10
30987288 19
40005260 16
18989631 19
11930 25
5829 6
30984028 31
20002520 20
60007359 6
17994971 10
8740 23
7420 23
151973695 17
40005690 1
9000692 17
6509 24
80992158 1
39997259 28
7200 22
9995230 14
11910 16
19979710 21
79999109 26
60002749 4
19997690 17
48004902 29
31993837 14
60005259 21
18996831 17
41004898 31
1590 3
8220 13
1010 3
7080 27
48977281 21
60016509 1
90984478 7
20000410 5
4650 2
119990088 22
20002430 14
19998709 8
6580 11
6610 19
59980629 27
20005590 27
19993040 7
8990 28
38997440 20
1014799 19
7220 13
19977420 24
19995340 18
99998748 26
11450 24
39997229 30
80002479 7
5960 5
19988690 13
8940 5
19983460 7
39997960 20
49008350 18
6440 12
19995430 19
909 3
50993688 29
29004890 6
10993129 15
19999250 24
20000769 24
8940 18
930 3
6360 2
7720 2
117967091 30
62014616 12
119991638 15
19994529 22
19000531 27
1014689 5
6320 16
1590 3
810 3
59977189 18
80004599 29
19992140 10
29003500 31
7530 27
70989578 12
40002349 10
59997399 28
10002030 24
10900 30
59982869 31
70000959 16
37998052 28
12015758 29
5860 2
79981949 19
49998999 31
129994828 5
58000311 18
9030 15
61994417 28
20003530 31
8998121 15
7260 15
10983839 17
19000910 25
9460 22
30996069 27
39998649 13
50001529 7
20001290 4
39999559 0
7230 23
9760 8
9490 29
7920 4
39962130 11
7010 2
8350 4
19977820 5
80001199 30
18999791 24
21006228 31
40022870 6
7629 31
9040 16
8960092 25
70990029 23
13149 26
9201918 15
7910 23
5780 14
6380 23
9410 22
10774341 31
19982380 2
59994119 30
20005470 1
19994551 30
8859 7
8610 16
5480 11
79982079 18
6800 18
8990181 12
11002669 25
9339 25
100000818 23
69987369 0
30017349 16
8987022 6
60998568 0
129993799 26
20002150 26
139995638 22
12780 20
6680 2
49009850 17
6270 1
5989 27
10961449 6
39998139 9
17360 6
8040 19
38967680 15
21004179 8
20006030 12
8910 14
169988827 25
39995220 31
129995928 24
6249 7
19997130 23
19994440 27
20003370 9
11089 17
5110 19
1090 3
29992250 6
19984190 22
10670 8
19991510 18
20003970 7
59999459 24
8590 22
39992749 23
1420 3
9800 9
19982470 1
20004720 18
7410 13
5740 18
7540 18
6209 13
29966720 4
20001910 27
48999410 27
10996999 31
10009660 4
19992190 5
59996439 13
39003120 18
7070 18
996349 28
79993849 2
49998479 0
19996200 11
40005859 5
1100 3
9290 6
10130 28
19978300 27
9002221 17
1005599 14
40000410 27
5900 29
5560 22
19981229 8
70000029 15
20002250 25
39986950 15
20003800 2
20004850 4
29998849 22
7450 19
19988260 31
19996749 15
1040 3
139998798 10
90000668 2
90001138 31
40007740 6
19986440 2
15229 8
7780 15
5550 8
39975250 31
870 3
19998610 31
809 3
169990178 25
10002649 18
133979 4
7240 20
6460 16
9867861 1
19985790 16
20001460 9
79994378 16
20003589 5
20016420 26
19980359 22
19999350 21
19000141 15
11017679 1
29980759 29
40001499 28
9004332 27
10994458 0
10009980 25
5630 25
59978869 2
7530 11
20000700 2
59999089 13
8240 21
11010 16
20017809 5
6290 26
8490 10
6140 8
5700 20
19936920 31
9760 9
6880 4
6260 9
19967180 23
12970 16
49988969 18
6910 7
59988659 15
139000189 1
7510 4
90989987 14
39001451 17
1000589 27
20005599 1
6740 23
6120 26
7430 29
7020 26
19965610 0
39997379 10
1091 3
15969 25
49985640 20
5740 23
9002930 31
70988169 24
80000619 1
6810 4
19994450 16
39999549 21
9002871 6
10999259 16
39998139 22
18996681 12
7560 31
9060 27
840 3
984009 11
49994929 19
18340 2
20985619 0
37992731 30
6200 22
8580 20
7130 14
987049 29
9999550 28
39998109 24
58991730 22
1020179 31
89983329 17
6380 12
79995418 7
19999580 20
19996230 20
20007239 13
909 3
19993640 10
6280 2
19988800 7
20001460 26
6220 2
19988409 11
19999100 16
80004779 6
38996460 26
11002919 8
8150 28
39990989 12
8001302 23
6630 17
11997378 18
9120 17
19985300 31
18995650 18
19999050 27
1001179 19
39997499 4
10030 14
89988199 29
6830 12
9340 14
19987350 22
60021218 5
940 3
6450 26
5640 26
870 3
5840 29
6260 7
5270 7
9959560 30
29984940 21
159997177 6
170002378 0
59993990 21
50010119 16
28000721 1
31993738 21
19996769 5
90005999 27
7320 23
19988650 5
18998560 30
7020 14
5720 24
20982179 25
130001438 24
7160 12
19609 19
19977980 25
149000449 15
70997358 20
19994380 24
9008251 26
7200 22
7940 5
50982369 13
60001779 23
29992249 30
40008970 7
9000721 25
5820 19
10982349 6
8004992 31
8190 31
51989377 7
80002419 2
15160 17
6310 8
19972070 19
10629 22
59992030 14
1780 3
850 3
20002109 10
39991100 29
20000939 12
11080 22
158986199 24
1003339 12
7330 28
6680 21
8570 4
5260 21
29969929 25
6260 27
6430 24
8800 29
39982870 25
119994638 29
7629 27
97988181 9
11999258 24
60002249 1
6620 12
7989332 16
12000618 24
18550 21
109983679 29
69998109 23
8160 9
4929 21
19982660 28
9830 26
6600 26
7070 20
39974550 7
6480 9
120027887 5
10870 21
69958530 17
951 3
59998268 18
19994709 6
60005909 0
119993088 4
6259 4
8360 18
5970 4
99978989 9
12280 11
6720 27
6189 7
19976351 29
120002618 21
29005041 20
998129 22
149991928 31
9003440 5
8050 23
30990529 13
99997308 24
9800 29
8450 14
7790 29
7610 14
19965240 8
18998621 13
1006088 6
7749 14
19988339 8
5340 28
79988569 18
40008019 18
7300 21
59991929 31
16090 16
17974602 6
6670 6
1998978 2
6150 8
59994519 5
10180 13
19988669 25
6040 21
60010559 14
19975191 15
80009919 1
79990859 24
51011618 11
