51709 2
11520 2
12790 6
13620 3
13710 6
27280 5
4560 4
14020 6
14410 0
45029 5
4620 6
16640 7
33160 5
4560 0
31079 1
32270 5
5090 6
21819 0
48100 5
4740 2
22949 6
26730 2
37939 2
69349 5
4540 0
16150 0
16580 7
31380 0
35109 3
36729 4
36529 7
25960 4
37409 0
22900 4
47349 3
23940 4
29239 7
28650 7
34359 0
26820 4
25979 2
38540 2
21089 0
19590 2
28440 4
42939 7
124558 5
28670 5
5189 4
26829 4
25830 5
17510 5
4750 6
18370 4
20219 5
4699 3
15260 0
37009 5
4791 3
19890 4
19340 1
24160 2
22530 1
14950 2
12020 4
14889 4
34639 5
18610 6
20730 7
19430 2
21860 2
29999 4
68139 5
5470 7
31759 2
22279 0
29380 2
30489 6
26440 2
35809 2
37199 4
24370 0
22910 7
20289 4
21939 6
45469 4
32489 5
5000 0
20859 2
23770 6
33659 4
24890 1
25410 6
22849 6
42639 3
32599 4
21550 6
22440 7
21759 1
28430 0
9960 2
17690 0
26360 6
15829 1
32290 5
4610 4
23019 0
18900 0
28280 2
38239 5
4710 4
24260 6
17689 0
15970 2
26460 4
22840 1
28300 2
17050 3
23210 4
20490 4
15380 7
42210 5
5990 0
18860 1
20910 3
39670 4
24130 0
23420 4
20359 4
40580 5
4660 2
33969 4
28040 4
17919 0
18150 0
57629 5
5280 6
29030 3
31099 4
35220 1
59210 5
4659 6
36989 1
36349 7
38990 0
35679 4
44889 5
4849 3
29840 2
36029 2
12680 7
12309 6
22140 5
4510 7
14430 2
33849 5
4960 6
42609 5
33659 5
12310 1
12100 3
16919 1
14679 0
23500 5
4760 2
16780 4
20630 0
19530 2
17980 0
26110 3
45429 5
26380 4
19420 4
46689 5
4540 3
28049 5
4550 0
26520 3
31529 5
22660 2
14670 1
20639 4
15649 6
21100 4
23610 2
27149 4
12940 2
10950 0
19689 0
8079 4
21300 2
15180 7
17800 1
19060 1
6300 7
13220 1
12520 0
14509 7
28450 5
4470 7
22780 5
11590 6
18579 7
18120 6
18020 3
18119 1
22479 5
4870 2
13250 4
15800 7
13949 2
11480 6
11550 0
12090 1
12040 0
14790 2
18480 1
23070 0
16599 3
19689 2
27100 2
23959 0
23020 4
53929 5
24740 2
23929 0
32520 3
18140 4
28950 0
17410 6
22560 2
42320 5
5360 2
18999 7
26490 5
5310 6
18630 2
11500 1
16610 2
14640 1
21940 3
18050 0
13050 0
37950 5
5349 1
14950 6
12350 0
11120 3
14349 7
21419 0
10430 3
11370 1
13350 1
13569 2
11499 2
10140 4
10800 6
10180 7
20810 5
4960 7
11010 7
11380 7
10480 3
11710 3
11510 6
11370 2
10880 1
11050 1
10400 1
10710 4
14389 6
11430 7
11690 1
11630 4
12970 2
12020 2
20750 5
6390 1
19780 4
11070 3
10191 7
10909 0
11050 7
11950 2
10140 1
12009 6
11549 2
11220 6
11030 6
13880 7
12160 7
11690 6
10850 4
11550 6
13100 3
11330 0
12080 1
11180 4
10750 0
11420 3
22000 3
11250 2
10830 3
12100 3
10660 1
10980 7
12500 0
18389 3
16069 4
16050 7
13560 1
13029 4
17739 4
14650 3
14760 3
13660 0
10000 3
10539 1
24860 4
16760 7
16009 6
30580 5
5100 1
18449 0
12189 1
12690 7
18160 4
37499 5
5260 4
23480 6
17239 1
15979 0
20280 7
23709 0
15089 7
19870 6
19480 0
32409 5
5930 6
15860 2
12939 0
22679 0
15680 2
15000 2
15509 0
17439 4
36850 5
5410 1
15320 2
41830 5
7570 1
13310 7
24320 3
19320 6
12990 1
13410 3
20100 2
13820 1
17359 2
18899 3
14960 3
18740 6
20209 2
28460 5
5250 2
11700 4
35559 5
5290 1
12830 3
13670 6
17870 4
25310 2
17919 3
28629 3
15780 7
14680 2
17549 7
26790 3
20629 0
44809 5
20909 5
5080 3
19270 7
28200 5
5980 0
29769 5
5470 0
24880 5
4850 1
20790 2
35960 5
5220 7
11520 4
10949 7
12610 6
13120 2
21189 3
21520 2
16880 3
14280 3
12730 2
14460 0
25710 1
53010 5
5430 7
15150 4
25000 2
14360 0
11919 2
19249 4
17500 7
24179 5
5080 4
11360 1
12400 4
26630 5
5510 1
12010 4
12210 0
21510 1
30719 6
18680 2
13240 1
14079 3
18309 4
27870 7
21300 4
23130 4
23820 4
21679 3
20810 3
21770 7
14409 1
21199 2
16300 4
42679 5
5400 3
18030 0
14080 7
15110 0
19360 6
23410 4
19859 4
17169 0
19010 0
28849 4
22020 4
27000 1
27550 6
19130 0
21169 2
16650 2
23590 1
20149 2
23630 0
57589 5
5160 4
16520 2
24579 3
28100 2
19130 3
32619 2
30950 1
32959 4
16390 3
18830 7
29200 1
23260 1
33009 1
15830 0
15860 3
18079 2
16280 2
23180 7
17090 3
21890 0
20560 6
12520 7
15620 6
15450 1
24470 7
17510 3
16010 0
20440 6
20099 2
49389 5
23389 5
5270 2
21570 7
22830 6
30850 1
19350 0
18480 6
16599 4
14480 7
17960 1
15939 7
25739 6
22950 6
29789 6
